<?xml version="1.0" encoding="UTF-8"?><record xmlns="http://www.loc.gov/MARC21/slim" xmlns:cinclude="http://apache.org/cocoon/include/1.0" xmlns:zs="http://www.loc.gov/zing/srw/">
  <leader>00681nz  a2200121n  4500</leader>
  <controlfield tag="001">n 2004043451</controlfield>
  <controlfield tag="003">DLC</controlfield>
  <controlfield tag="005">20040817102209.0</controlfield>
  <controlfield tag="008">040817n| acannaabn          |n aaa      </controlfield>
  <datafield tag="010" ind1=" " ind2=" ">
    <subfield code="a">n 2004043451</subfield>
  </datafield>
  <datafield tag="040" ind1=" " ind2=" ">
    <subfield code="a">DLC</subfield>
    <subfield code="b">eng</subfield>
    <subfield code="c">DLC</subfield>
  </datafield>
  <datafield tag="100" ind1="1" ind2=" ">
    <subfield code="a">Khristozova, Gali︠a︡</subfield>
  </datafield>
  <datafield tag="670" ind1=" " ind2=" ">
    <subfield code="a">Nat︠s︡ionalna literaturnonauchna konferent︠s︡ii︠a︡ na tema "Tvorchestvoto na Peti︠a︡ Dubarova--v i izvŭn sot︠s︡ialnata opredelenost : perspektivi na literaturnokriticheskata interpretat︠s︡ii︠a︡" (2000 : Burgaski svoboden universitet). Sbornik dokladi--tema "Tvorchestvoto na Peti︠a︡ Dubarova--v i izvŭn sot︠s︡ialnata opredelenost", 2002:</subfield>
    <subfield code="b">verso t.p. (Gali︠a︡ Khristozova)</subfield>
  </datafield>
</record>